@misc{osm-main,
		author 	= {{OSM Contributors}},
		title 		= {{OpenStreetMap main page}},
		url 		= {https://www.openstreetmap.org}
}

@misc{osm-wiki,
		author 	= {{OSM Contributors}},
		title 		= {{OpenStreetMap Wiki}},
		url 		= {https://wiki.openstreetmap.org/wiki}
}

@misc{osm-node,
		author 	= {{OSM Contributors}},
		title 		= {{OpenStreetMap Node}},
		url 		= {https://wiki.openstreetmap.org/wiki/Node}
}
	
@misc{osm-way,
		author 	= {{OSM Contributors}},
		title 		= {{OpenStreetMap Way}},
		url 		= {https://wiki.openstreetmap.org/wiki/Way}
}

@misc{libosm,
		author 	= {{OSMCode Community}},
		title 		= {Libosmium main page},
		url 		= {https://osmcode.org/libosmium}
}
		
@misc{bbbike,
		author 	= {Wolfram Schneider},
		title 		= {{BBBike extract page}},
		url 		= {https://extract.bbbike.org}
}

@misc{libosm-code,
		author 	= {{OSMCode Community}},
		title 		= {Libosmium source code},
		url 		= {https://github.com/osmcode/libosmium}
}

@misc{forum,
		author 	= {Frederik Ramm},
		title 		= {{OSM Help}},
		url  		= {https://help.openstreetmap.org/questions/19213}
}

@misc{haversine,
		author 	= {Chris Veness},
		title 		= {Calculate distance and bearing between Latitude/Longitude points},
		url 		= {https://www.movable-type.co.uk/scripts/latlong.html}
}